

@book{ozsu-2019,
	author = {Ã–zsu, M. Tamer and Valduriez, Patrick},
	title = {{Principles of distributed database systems}},
	year = {2019},
        publisher ={Springer Cham},
        page= {1-3}
}

@inproceedings{brewer,
author = {Brewer, Eric A.},
title = {Towards robust distributed systems (abstract)},
year = {2000},
booktitle = {Proceedings of the Nineteenth Annual ACM Symposium on Principles of Distributed Computing},
}

@article{gilbert,
author = {Gilbert, Seth and Lynch, Nancy},
year = {2002},
title = {Brewer's Conjecture and the Feasibility of Consistent Available Partition-Tolerant Web Services},
volume = {33},
journal = {ACM SIGACT News},
}

@article{davidson,
author = {Davidson, Susan B. and Garcia-Molina, Hector and Skeen, Dale},
title = {Consistency in a partitioned network: a survey},
year = {1985},
journal = {ACM Comput. Surv.},
}
@article{rotem,
author = {Rotem-Gal-Oz, Arnon},
year = {2008},
month = {01},
title = {Fallacies of Distributed Computing Explained},
journal = {Doctor Dobbs Journal}
}
@misc{gcp,
  author = {{Google Cloud}},
  title = {Google Cloud Spanner documentation},
  howpublished = {\\Available:{https://cloud.google.com/spanner/docs}},
  note = {Accessed: 30/5/2025},
  year = {2025}
}
@misc{aws,
  author = {{Amazon Web Services}},
  title = {Amazon DynamoDB documentation},
  howpublished = {\\Available: {https://www.docs.aws.amazon.com/dynamodb/}},
  note = {Accessed: 30/5/2025},
  year = {2025}
}
@misc{mongodbtrans,
  author = {{MongoDB Inc.}},
  title = {MongoDB Transactions},
  howpublished={\\Available: {https://www.mongodb.com/docs/core/transactions/}},
  note = {Accessed: 30/5/2025},
  year = {2025}
}
@misc{mongodbsharding,
  author = {{MongoDB Inc.}},
  title = {MongoDB Sharding},
  howpublished={\\Available: {https://www.mongodb.com/docs/manual/sharding/}},
  note = {Accessed: 30/5/2025},
  year = {2025}
}
@article{brewer2017spanner,
  title={Spanner, truetime and the cap theorem},
  author={Brewer, Eric},
  journal={Google Research},
  year={2017}
}
@book{mongobook,
author = {Chodorow, Kristina},
title = {MongoDB: The Definitive Guide},
year = {2013},
publisher = {O'Reilly Media, Inc.},
}
@misc{cassandradocs,
  author = {{Apache Software Foundation}},
  title = {Apache Cassandra Documentation},
  year = {2025},
  note = {Accessed: 30/5/2025},
  url= {https://cassandra.apache.org/doc/5.0/cassandra/architecture/}
}

@article{cassandrafb,
author = {Lakshman, Avinash and Malik, Prashant},
title = {Cassandra: a decentralized structured storage system},
year = {2010},
volume = {44},
journal = {SIGOPS Oper. Syst. Rev.},
}
}
...